@Article{Chatrchyan2008zzk,
     author    = "Chatrchyan, S. and others",
     collaboration = "CMS",
     title     = "The {CMS} experiment at the {CERN} {LHC}",
     journal   = "JINST",
     volume    = "3",
     year      = "2008",
     pages     = "S08004",
     doi       = "10.1088/1748-0221/3/08/S08004"
},
@Techreport{trackerTDR,
      author        = "{CMS Collaboration}",
      institution    = "CERN",
      title         = "{The CMS tracker system project: Technical Design Report}",
      type          = "CMS Technical proposal",
      number        = "CERN-LHCC-98-006, CMS-TDR-5",
      collaboration = "CMS Collaboration",
      year          = "1997",
      url           = "https://cds.cern.ch/record/368412"
},
@Techreport{trackerTDRAddendum,
      author        = "{CMS Collaboration}",
      collaboration = "CMS Collaboration",
      institution   = "CERN",
      type          = "CMS Technical proposal",
      number        = "CERN-LHCC-2000-016, CMS-TDR-5-add-1",
      title         = "{The CMS tracker: addendum to the Technical Design
                       Report}",
      year          = "2000",
      url           = "https://cds.cern.ch/record/490194"
},
@Techreport{magnetTDR,
      author        = "{CMS Collaboration}",
      institution   = "CERN",
      type          = "CMS Technical proposal",
      title         = "{The CMS magnet project: Technical Design Report}",
      collaboration = "CMS Collaboration",
      number        = "CERN-LHCC-97-010, CMS-TDR-1",
      year          = "1997",
      url           = "https://cds.cern.ch/record/331056"
}